@book{King2009,
   author = {George C. King},
   city = {Hoboken},
   publisher = {Wiley},
   title = {Vibrations and Waves},
   year = {2009}
}
@book{Boas2005,
   author = {Mary L. Boas},
   city = {Washington},
   edition = {3rd},
   publisher = {Wiley},
   title = {Mathematical Methods in the Physical Sciences},
   year = {2005}
}
@book{Serway2019,
   author = {Raymond A Serway and John W Jewett},
   city = {Boston},
   edition = {Tenth Edition},
   publisher = {Brooks-Cole},
   title = {Physics for Scientists and Engineers with Modern Physics},
   year = {2019}
}
@book{Griffiths2017,
   author = {David J. Griffiths},
   city = {Cambridge},
   publisher = {Cambridge University Press},
   title = {Introduction to Electrodynamics},
   year = {2017}
}
@book{Serway2014,
   author = {Raymond A. Serway and John W. Jewett},
   city = {Boston},
   edition = {Ninth Edition},
   publisher = {Brooks-Cole},
   title = {Physics for Scientists and Engineers with Modern Physics},
   year = {2014}
}
